@inproceedings{hachul2006experimental,
  title={An experimental comparison of fast algorithms for drawing general large graphs},
  author={Hachul, Stefan and J{\"u}nger, Michael},
  booktitle={Graph Drawing},
  pages={235--250},
  year={2006},
  organization={Springer}
}
@article{gibson2013survey,
  title={A survey of two-dimensional graph layout techniques for information visualisation},
  author={Gibson, Helen and Faith, Joe and Vickers, Paul},
  journal={Information visualization},
  volume={12},
  number={3-4},
  pages={324--357},
  year={2013},
  publisher={SAGE Publications}
}
@inproceedings{gajer2000fast,
  title={A fast multi-dimensional algorithm for drawing large graphs},
  author={Gajer, Pawel and Goodrich, Michael T and Kobourov, Stephen G},
  booktitle={Graph Drawingâ€™00 Conference Proceedings},
  pages={211--221},
  year={2000}
}
@inproceedings{gajer2001grip,
  title={GRIP: Graph dRawing with intelligent placement},
  author={Gajer, Pawel and Kobourov, Stephen G},
  booktitle={Graph Drawing},
  pages={222--228},
  year={2001},
  organization={Springer}
}
@inproceedings{martin2011openord,
  title={OpenOrd: an open-source toolbox for large graph layout},
  author={Martin, Shawn and Brown, W Michael and Klavans, Richard and Boyack, Kevin W},
  booktitle={IS\&T/SPIE Electronic Imaging},
  pages={786806--786806},
  year={2011},
  organization={International Society for Optics and Photonics}
}
@inproceedings{tikhonova2008scalable,
  title={A scalable parallel force-directed graph layout algorithm},
  author={Tikhonova, Anna and Ma, Kwan-Liu},
  booktitle={Proceedings of the 8th Eurographics conference on Parallel Graphics and Visualization},
  pages={25--32},
  year={2008},
  organization={Eurographics Association}
}
@inproceedings{liu2013immens,
  title={imMens: Real-time Visual Querying of Big Data},
  author={Liu, Zhicheng and Jiang, Biye and Heer, Jeffrey},
  booktitle={Computer Graphics Forum},
  volume={32},
  number={3pt4},
  pages={421--430},
  year={2013},
  organization={Wiley Online Library}
}
@inproceedings{shen2012visual,
  title={Visual analysis of massive web session data},
  author={Shen, Zeqian and Wei, Jishang and Sundaresan, Neel and Ma, Kwan-Liu},
  booktitle={Large Data Analysis and Visualization (LDAV), 2012 IEEE Symposium on},
  pages={65--72},
  year={2012},
  organization={IEEE}
}
@article{bender2000functional,
  title={A functional framework for web-based information visualization systems},
  author={Bender, Michael and Klein, Ralf and Disch, Andreas and Ebert, Achim},
  journal={Visualization and Computer Graphics, IEEE Transactions on},
  volume={6},
  number={1},
  pages={8--23},
  year={2000},
  publisher={IEEE}
}
@inproceedings{johnson2008scalability,
  title={A scalability study of web-native information visualization},
  author={Johnson, Donald W and Jankun-Kelly, TJ},
  booktitle={Proceedings of Graphics Interface 2008},
  pages={163--168},
  year={2008},
  organization={Canadian Information Processing Society}
}
@inproceedings{eick2007thin,
  title={Thin client visualization},
  author={Eick, Stephen G and Eick, M Andrew and Fugitt, Jesse and Horst, Brian and Khailo, Maxim and Lankenau, Russell and others},
  booktitle={Visual Analytics Science and Technology, 2007. VAST 2007. IEEE Symposium on},
  pages={51--58},
  year={2007},
  organization={IEEE}
}
@article{pike2009scalable,
  title={The scalable reasoning system: lightweight visualization for distributed analytics},
  author={Pike, William and Bruce, Joe and Baddeley, Bob and Best, Daniel and Franklin, Lyndsey and May, Richard and Rice, Douglas and Riensche, Rick and Younkin, Katarina},
  journal={Information Visualization},
  volume={8},
  number={1},
  pages={71--84},
  year={2009},
  publisher={SAGE Publications}
}
@article{abello2006ask,
  title={Ask-graphview: A large scale graph visualization system},
  author={Abello, James and Van Ham, Frank and Krishnan, Neeraj},
  journal={Visualization and Computer Graphics, IEEE Transactions on},
  volume={12},
  number={5},
  pages={669--676},
  year={2006},
  publisher={IEEE}
}
@inproceedings{shi2009himap,
  title={Himap: Adaptive visualization of large-scale online social networks},
  author={Shi, Lei and Cao, Nan and Liu, Shixia and Qian, Weihong and Tan, Li and Wang, Guodong and Sun, Jimeng and Lin, Ching-Yung},
  booktitle={Visualization Symposium, 2009. PacificVis' 09. IEEE Pacific},
  pages={41--48},
  year={2009},
  organization={IEEE}
}
@inproceedings{balzer2007level,
  title={Level-of-detail visualization of clustered graph layouts},
  author={Balzer, Michael and Deussen, Oliver},
  booktitle={Visualization, 2007. APVIS'07. 2007 6th International Asia-Pacific Symposium on},
  pages={133--140},
  year={2007},
  organization={IEEE}
}
@inproceedings{gibson2011node,
  title={Node-attribute graph layout for small-world networks},
  author={Gibson, Helen and Faith, Joe},
  booktitle={Information Visualisation (IV), 2011 15th International Conference on},
  pages={482--487},
  year={2011},
  organization={IEEE}
}
@article{zinsmaier2012interactive,
  title={Interactive level-of-detail rendering of large graphs},
  author={Zinsmaier, Michael and Brandes, Ulrik and Deussen, Oliver and Strobelt, Hendrik},
  journal={Visualization and Computer Graphics, IEEE Transactions on},
  volume={18},
  number={12},
  pages={2486--2495},
  year={2012},
  publisher={IEEE}
}
@article{bostock2009protovis,
  title={Protovis: A graphical toolkit for visualization},
  author={Bostock, Michael and Heer, Jeffrey},
  journal={Visualization and Computer Graphics, IEEE Transactions on},
  volume={15},
  number={6},
  pages={1121--1128},
  year={2009},
  publisher={IEEE}
}
@article{poliakov2005server,
  title={Server-based approach to web visualization of integrated three-dimensional brain imaging data},
  author={Poliakov, Andrew V and Albright, Evan and Hinshaw, Kevin P and Corina, David P and Ojemann, George and Martin, Richard F and Brinkley, James F},
  journal={Journal of the American Medical Informatics Association},
  volume={12},
  number={2},
  pages={140--151},
  year={2005},
  publisher={The Oxford University Press}
}
@article{lamberti2007streaming,
  title={A streaming-based solution for remote visualization of 3D graphics on mobile devices},
  author={Lamberti, Fabrizio and Sanna, Andrea},
  journal={Visualization and Computer Graphics, IEEE Transactions on},
  volume={13},
  number={2},
  pages={247--260},
  year={2007},
  publisher={IEEE}
}
@inproceedings{wood2008web,
  title={A web services architecture for visualization},
  author={Wood, Jason and Brodlie, Ken and Seo, Jungwook and Duke, David and Walton, Jeremy},
  booktitle={eScience, 2008. eScience'08. IEEE Fourth International Conference on},
  pages={1--7},
  year={2008},
  organization={IEEE}
}
@article{bender2000functional,
  title={A functional framework for web-based information visualization systems},
  author={Bender, Michael and Klein, Ralf and Disch, Andreas and Ebert, Achim},
  journal={Visualization and Computer Graphics, IEEE Transactions on},
  volume={6},
  number={1},
  pages={8--23},
  year={2000},
  publisher={IEEE}
}